@article{gayen2016simulation,
	title={Simulation of convection at a vertical ice face dissolving into saline water},
	author={Gayen, Bishakhdatta and Griffiths, Ross W and Kerr, Ross C},
	journal={Journal of Fluid Mechanics},
	volume={798},
	pages={284--298},
	year={2016},
	publisher={Cambridge University Press}
}

@article{kerr2015dissolution,
	title={Dissolution of a vertical solid surface by turbulent compositional convection},
	author={Kerr, Ross C and McConnochie, Craig D},
	journal={Journal of Fluid Mechanics},
	volume={765},
	pages={211--228},
	year={2015},
	publisher={Cambridge University Press}
}

@article{jenkins2010observations,
	title={Observations beneath Pine Island Glacier in West Antarctica and implications for its retreat},
	author={Jenkins, Adrian and Dutrieux, Pierre and Jacobs, Stanley S and McPhail, Stephen D and Perrett, James R and Webb, Andrew T and White, David},
	journal={Nature Geoscience},
	volume={3},
	number={7},
	pages={468--472},
	year={2010},
	publisher={Nature Publishing Group}
}

@article{wells2011melting,
	title={Melting and dissolving of a vertical solid surface with laminar compositional convection},
	author={Wells, Andrew J and Worster, M Grae},
	journal={Journal of fluid mechanics},
	volume={687},
	pages={118--140},
	year={2011},
	publisher={Cambridge University Press}
}

@article{holland1999modeling,
	title={Modeling thermodynamic ice--ocean interactions at the base of an ice shelf},
	author={Holland, David M and Jenkins, Adrian},
	journal={Journal of Physical Oceanography},
	volume={29},
	number={8},
	pages={1787--1800},
	year={1999}
}

@article{jenkins2001role,
  title={The role of meltwater advection in the formulation of conservative boundary conditions at an ice--ocean interface},
  author={Jenkins, Adrian and Hellmer, Hartmut H and Holland, David M},
  journal={Journal of physical oceanography},
  volume={31},
  number={1},
  pages={285--296},
  year={2001},
  publisher={American Meteorological Society}
}

@article{ilicak2009non,
  title={Non-hydrostatic modeling of exchange flows across complex geometries},
  author={Il{\i}cak, Mehmet and {\"O}zg{\"o}kmen, Tamay M and {\"O}zsoy, Emin and Fischer, Paul F},
  journal={Ocean Modelling},
  volume={29},
  number={3},
  pages={159--175},
  year={2009},
  publisher={Elsevier}
}

@misc{freezing,
  title = {Freezing point temperature},
  howpublished = {\url{http://www.code10.info/index.php?option=com_content&view=article&id=66:calculating-the-freezing-point-of-seawater&catid=54:cat_coding_algorithms_seawater&Itemid=79}},
  note = {Accessed: 2021-09-29}
}

@article{malyarenko2020synthesis,
  title={A synthesis of thermodynamic ablation at ice-ocean interfaces from theory, observations and models},
  author={Malyarenko, Alena and Wells, Andrew J and Langhorne, Patricia J and Robinson, Natalie J and Williams, Michael JM and Nicholls, Keith W},
  journal={Ocean Modelling},
  pages={101692},
  year={2020},
  publisher={Elsevier}
}

@article{mcphee1987dynamics,
  title={Dynamics and thermodynamics of the ice/upper ocean system in the marginal ice zone of the Greenland Sea},
  author={McPhee, Miles G and Maykut, Gary A and Morison, James H},
  journal={Journal of Geophysical Research: Oceans},
  volume={92},
  number={C7},
  pages={7017--7031},
  year={1987},
  publisher={Wiley Online Library}
}

@article{nicholls2012ocean,
  title={Ocean circulation beneath Larsen C Ice Shelf, Antarctica from in situ observations},
  author={Nicholls, Keith W and Makinson, Keith and Venables, Emily J},
  journal={Geophysical Research Letters},
  volume={39},
  number={19},
  year={2012},
  publisher={Wiley Online Library}
}

@article{wells2008geophysical,
  title={A geophysical-scale model of vertical natural convection boundary layers},
  author={Wells, Andrew J and Worster, M Grae},
  journal={Journal of Fluid Mechanics},
  volume={609},
  pages={111--137},
  year={2008},
  publisher={Cambridge University Press}
}

@article{jenkins2011convection,
  title={Convection-driven melting near the grounding lines of ice shelves and tidewater glaciers},
  author={Jenkins, Adrian},
  journal={Journal of Physical Oceanography},
  volume={41},
  number={12},
  pages={2279--2294},
  year={2011}
}

@article{grossmann2000scaling,
  title={Scaling in thermal convection: a unifying theory},
  author={Grossmann, Siegfried and Lohse, Detlef},
  journal={Journal of Fluid Mechanics},
  volume={407},
  pages={27--56},
  year={2000},
  publisher={Cambridge University Press}
}

@article{millero1978freezing,
  title={Freezing point of sea water},
  author={Millero, FJ},
  journal={eighth report of the Joint Panel of Oceanographic Tables and Standards, appendix},
  volume={6},
  pages={29--31},
  year={1978}
}





%% -----------------------------------------

@article{straneo2013north,
  title={North Atlantic warming and the retreat of Greenland's outlet glaciers},
  author={Straneo, Fiammetta and Heimbach, Patrick},
  journal={Nature},
  volume={504},
  number={7478},
  pages={36--43},
  year={2013},
  publisher={Nature Publishing Group}
}

@article{nick2013future,
  title={Future sea-level rise from Greenlandâ€™s main outlet glaciers in a warming climate},
  author={Nick, Faezeh M and Vieli, Andreas and Andersen, Morten Langer and Joughin, Ian and Payne, Antony and Edwards, Tamsin L and Pattyn, Frank and Van De Wal, Roderik SW},
  journal={Nature},
  volume={497},
  number={7448},
  pages={235--238},
  year={2013},
  publisher={Nature Publishing Group}
}

@article{gwyther2020vertical,
  title={Vertical processes and resolution impact ice shelf basal melting: A multi-model study},
  author={Gwyther, David E and Kusahara, Kazuya and Asay-Davis, Xylar S and Dinniman, Michael S and Galton-Fenzi, Benjamin K},
  journal={Ocean Modelling},
  volume={147},
  pages={101569},
  year={2020},
  publisher={Elsevier}
}

@article{hewitt2020subglacial,
  title={Subglacial plumes},
  author={Hewitt, Ian J},
  journal={Annual Review of Fluid Mechanics},
  volume={52},
  pages={145--169},
  year={2020},
  publisher={Annual Reviews}
}

@article{straneo2012characteristics,
  title={Characteristics of ocean waters reaching Greenland's glaciers},
  author={Straneo, Fiammetta and Sutherland, David A and Holland, David and Gladish, Carl and Hamilton, Gordon S and Johnson, Helen L and Rignot, Eric and Xu, Yun and Koppes, Michele},
  journal={Annals of Glaciology},
  volume={53},
  number={60},
  pages={202--210},
  year={2012},
  publisher={Cambridge University Press}
}

@article{noble2020sensitivity,
  title={The sensitivity of the Antarctic ice sheet to a changing climate: past, present, and future},
  author={Noble, TL and Rohling, EJ and Aitken, Alan Robert Alexander and Bostock, Helen C and Chase, Z and Gomez, N and Jong, Lenneke M and King, Matt A and Mackintosh, Andrew N and McCormack, FS and others},
  journal={Reviews of Geophysics},
  volume={58},
  number={4},
  pages={e2019RG000663},
  year={2020},
  publisher={Wiley Online Library}
}

@article{rignot2010rapid,
  title={Rapid submarine melting of the calving faces of West Greenland glaciers},
  author={Rignot, Eric and Koppes, Michele and Velicogna, Isabella},
  journal={Nature Geoscience},
  volume={3},
  number={3},
  pages={187--191},
  year={2010},
  publisher={Nature Publishing Group}
}

@article{straneo2015dynamics,
  title={The dynamics of Greenland's glacial fjords and their role in climate},
  author={Straneo, Fiamma and Cenedese, Claudia},
  journal={Annual review of marine science},
  volume={7},
  pages={89--112},
  year={2015},
  publisher={Annual Reviews}
}

@article{schaffer2017warm,
  title={Warm water pathways toward N ioghalvfjerdsfjorden G lacier, N ortheast G reenland},
  author={Schaffer, Janin and von Appen, Wilken-Jon and Dodd, Paul A and Hofstede, Coen and Mayer, Christoph and de Steur, Laura and Kanzow, Torsten},
  journal={Journal of Geophysical Research: Oceans},
  volume={122},
  number={5},
  pages={4004--4020},
  year={2017},
  publisher={Wiley Online Library}
}

@article{pritchard484mr,
  title={MR van denBroeke, and L. Padman (2012)},
  author={Pritchard, HD and Ligtenberg, SRM and Fricker, HA and Vaughan, DG},
  journal={Antarctic ice-sheet loss driven by basal melting of ice shelves, Nature},
  volume={484},
  pages={502--505}
  year={2012},
}

@article{weertman1974stability,
  title={Stability of the junction of an ice sheet and an ice shelf},
  author={Weertman, Johannes},
  journal={Journal of Glaciology},
  volume={13},
  number={67},
  pages={3--11},
  year={1974},
  publisher={Cambridge University Press}
}

@article{deconto2016contribution,
  title={Contribution of Antarctica to past and future sea-level rise},
  author={DeConto, Robert M and Pollard, David},
  journal={Nature},
  volume={531},
  number={7596},
  pages={591--597},
  year={2016},
  publisher={Nature Publishing Group}
}

@article{jenkins1991ice,
  title={Ice-ocean interaction on Ronne Ice Shelf, Antarctica},
  author={Jenkins, Adrian and Doake, CSM},
  journal={Journal of Geophysical Research: Oceans},
  volume={96},
  number={C1},
  pages={791--813},
  year={1991},
  publisher={Wiley Online Library}
}

@article{holland1998parameterization,
  title={On the parameterization of basal heat flux for sea-ice modeling},
  author={Holland, David M},
  journal={Geophysica},
  volume={34},
  number={1-2},
  pages={1--21},
  year={1998},
  publisher={Finish Environment Institute}
}
@article{jenkins2010observation,
  title={Observation and parameterization of ablation at the base of Ronne Ice Shelf, Antarctica},
  author={Jenkins, Adrian and Nicholls, Keith W and Corr, Hugh FJ},
  journal={Journal of Physical Oceanography},
  volume={40},
  number={10},
  pages={2298--2312},
  year={2010}
}

@article{van2009partitioning,
  title={Partitioning recent Greenland mass loss},
  author={van den Broeke, Michiel and Bamber, Jonathan and Ettema, Janneke and Rignot, Eric and Schrama, Ernst and van de Berg, Willem Jan and van Meijgaard, Erik and Velicogna, Isabella and Wouters, Bert},
  journal={science},
  volume={326},
  number={5955},
  pages={984--986},
  year={2009},
  publisher={American Association for the Advancement of Science}
}

@article{hanna2011greenland,
  title={Greenland Ice Sheet surface mass balance 1870 to 2010 based on Twentieth Century Reanalysis, and links with global climate forcing},
  author={Hanna, Edward and Huybrechts, Philippe and Cappelen, John and Steffen, Konrad and Bales, Roger C and Burgess, Evan and McConnell, Joseph R and Peder Steffensen, Joergen and Van den Broeke, Michiel and Wake, Leanne and others},
  journal={Journal of Geophysical Research: Atmospheres},
  volume={116},
  number={D24},
  year={2011},
  publisher={Wiley Online Library}
}

@article{box2009greenland,
  title={Greenland ice sheet surface air temperature variability: 1840--2007},
  author={Box, Jason E and Yang, Lei and Bromwich, David H and Bai, Le-Sheng},
  journal={Journal of Climate},
  volume={22},
  number={14},
  pages={4029--4049},
  year={2009}
}

@article{bersch2007recent,
  title={Recent changes of the thermohaline circulation in the subpolar North Atlantic},
  author={Bersch, Manfred and Yashayaev, Igor and Koltermann, Klaus Peter},
  journal={Ocean Dynamics},
  volume={57},
  number={3},
  pages={223--235},
  year={2007},
  publisher={Springer}
}

@article{nick2009large,
  title={Large-scale changes in Greenland outlet glacier dynamics triggered at the terminus},
  author={Nick, Faezeh M and Vieli, Andreas and Howat, Ian M and Joughin, Ian},
  journal={Nature Geoscience},
  volume={2},
  number={2},
  pages={110--114},
  year={2009},
  publisher={Nature Publishing Group}
}

@misc{straneo2013challenges,
  title={Challenges to understanding the dynamic response of Greenland's marine terminating glaciers to oceanic and atmospheric forcing, B. Am. Meteorol. Soc., 94, 1131--1144},
  author={Straneo, F and Heimbach, P and Sergienko, O and Hamilton, G and Catania, G and Griffies, S and Hallberg, R and Jenkins, A and Joughin, I and Motyka, R and others},
  year={2013},
  publisher={BAMS-D-12-00100.1}
}

@article{catania2020future,
  title={Future evolution of Greenland's marine-terminating outlet glaciers},
  author={Catania, GA and Stearns, LA and Moon, TA and Enderlin, EM and Jackson, RH},
  journal={Journal of Geophysical Research: Earth Surface},
  volume={125},
  number={2},
  pages={e2018JF004873},
  year={2020},
  publisher={Wiley Online Library}
}

@article{joughin2012ice,
  title={Ice-sheet response to oceanic forcing},
  author={Joughin, Ian and Alley, Richard B and Holland, David M},
  journal={science},
  volume={338},
  number={6111},
  pages={1172--1176},
  year={2012},
  publisher={American Association for the Advancement of Science}
}

@article{oerter1992evidence,
  title={Evidence for basal marine ice in the Filchner--Ronne Ice Shelf},
  author={Oerter, Hans and Kipfstuhl, J and Determann, J{\"u}rgen and Miller, Heinrich and Wagenbach, D and Minikin, A and Graft, W},
  journal={Nature},
  volume={358},
  number={6385},
  pages={399--401},
  year={1992},
  publisher={Nature Publishing Group}
}

@article{jenkins1991one,
  title={A one-dimensional model of ice shelf-ocean interaction},
  author={Jenkins, Adrian},
  journal={Journal of Geophysical Research: Oceans},
  volume={96},
  number={C11},
  pages={20671--20677},
  year={1991},
  publisher={Wiley Online Library}
}

@article{rignot2002rapid,
  title={Rapid bottom melting widespread near Antarctic ice sheet grounding lines},
  author={Rignot, Eric and Jacobs, Stanley S},
  journal={Science},
  volume={296},
  number={5575},
  pages={2020--2023},
  year={2002},
  publisher={American Association for the Advancement of Science}
}

@article{motyka2003submarine,
  title={Submarine melting at the terminus of a temperate tidewater glacier, LeConte Glacier, Alaska, USA},
  author={Motyka, Roman J and Hunter, Lewis and Echelmeyer, Keith A and Connor, Cathy},
  journal={Annals of Glaciology},
  volume={36},
  pages={57--65},
  year={2003},
  publisher={Cambridge University Press}
}

@article{jenkins2002model,
  title={A model study of ocean circulation beneath Filchner-Ronne Ice Shelf, Antarctica: Implications for bottom water formation},
  author={Jenkins, Adrian and Holland, David M},
  journal={Geophysical research letters},
  volume={29},
  number={8},
  pages={34--1},
  year={2002},
  publisher={Wiley Online Library}
}

@article{straneo2012characteristics,
  title={Characteristics of ocean waters reaching Greenland's glaciers},
  author={Straneo, Fiammetta and Sutherland, David A and Holland, David and Gladish, Carl and Hamilton, Gordon S and Johnson, Helen L and Rignot, Eric and Xu, Yun and Koppes, Michele},
  journal={Annals of Glaciology},
  volume={53},
  number={60},
  pages={202--210},
  year={2012},
  publisher={Cambridge University Press}
}

@article{dinniman2007influence,
  title={Influence of sea ice cover and icebergs on circulation and water mass formation in a numerical circulation model of the Ross Sea, Antarctica},
  author={Dinniman, Michael S and Klinck, John M and Smith Jr, Walker O},
  journal={Journal of Geophysical Research: Oceans},
  volume={112},
  number={C11},
  year={2007},
  publisher={Wiley Online Library}
}

@article{losch2008modeling,
  title={Modeling ice shelf cavities in az coordinate ocean general circulation model},
  author={Losch, Martin},
  journal={Journal of Geophysical Research: Oceans},
  volume={113},
  number={C8},
  year={2008},
  publisher={Wiley Online Library}
}

@article{timmermann2012ice,
  title={Ice-shelf basal melting in a global finite-element sea-ice/ice-shelf/ocean model},
  author={Timmermann, Ralph and Wang, Qiang and Hellmer, HH},
  journal={Annals of Glaciology},
  volume={53},
  number={60},
  pages={303--314},
  year={2012},
  publisher={Cambridge University Press}
}

@article{kusahara2013modeling,
  title={Modeling Antarctic ice shelf responses to future climate changes and impacts on the ocean},
  author={Kusahara, Kazuya and Hasumi, Hiroyasu},
  journal={Journal of Geophysical Research: Oceans},
  volume={118},
  number={5},
  pages={2454--2475},
  year={2013},
  publisher={Wiley Online Library}
}

@article{zhou2020modeling,
  title={Modeling ice shelf cavities in the unstructured-grid, Finite Volume Community Ocean Model: Implementation and effects of resolving small-scale topography},
  author={Zhou, Qin and Hattermann, Tore},
  journal={Ocean Modelling},
  volume={146},
  pages={101536},
  year={2020},
  publisher={Elsevier}
}

@article{mathiot2017explicit,
  title={Explicit representation and parametrised impacts of under ice shelf seas in the zâˆ— coordinate ocean model NEMO 3.6},
  author={Mathiot, Pierre and Jenkins, Adrian and Harris, Christopher and Madec, Gurvan},
  journal={Geoscientific Model Development},
  volume={10},
  number={7},
  pages={2849--2874},
  year={2017},
  publisher={Copernicus GmbH}
}

@article{davis2019turbulence,
  title={Turbulence observations beneath Larsen C ice shelf, Antarctica},
  author={Davis, Peter ED and Nicholls, Keith W},
  journal={Journal of Geophysical Research: Oceans},
  volume={124},
  number={8},
  pages={5529--5550},
  year={2019},
  publisher={Wiley Online Library}
}

@article{kimura2015estimation,
  title={Estimation of ice shelf melt rate in the presence of a thermohaline staircase},
  author={Kimura, Satoshi and Nicholls, Keith W and Venables, Emily},
  journal={Journal of Physical Oceanography},
  volume={45},
  number={1},
  pages={133--148},
  year={2015}
}

@article{jenkins2016simple,
  title={A simple model of the ice shelf--ocean boundary layer and current},
  author={Jenkins, Adrian},
  journal={Journal of Physical Oceanography},
  volume={46},
  number={6},
  pages={1785--1803},
  year={2016},
  publisher={American Meteorological Society}
}

@book{giraldo2020introduction,
  title={An Introduction to Element-Based Galerkin Methods on Tensor-Product Bases: Analysis, Algorithms, and Applications},
  author={Giraldo, Francis X},
  volume={24},
  year={2020},
  publisher={Springer International Publishing}
}

@article{ringler2013multi,
  title={A multi-resolution approach to global ocean modeling},
  author={Ringler, Todd and Petersen, Mark and Higdon, Robert L and Jacobsen, Doug and Jones, Philip W and Maltrud, Mathew},
  journal={Ocean Modelling},
  volume={69},
  pages={211--232},
  year={2013},
  publisher={Elsevier}
}

@inproceedings{mcconnochie2017using,
  title={Using Laboratory Experiments to Improve Ice-Ocean Parameterizations},
  author={McConnochie, Craig Daniel and Kerr, Ross C},
  booktitle={AGU Fall Meeting Abstracts},
  volume={2017},
  pages={C23A--1210},
  year={2017}
}

@misc{MPAS,
  author = {Matthew Hoffman and Dorothy Koch},
  title = {THE MODEL FOR PREDICTION ACROSS SCALES FRAMEWORK: A FLEXIBLE FOUNDATION FOR NEXT-GENERATION EARTH SYSTEM MODEL COMPONENTS},
  howpublished = {\url{https://e3sm.org/wp-content/uploads/2018/03/ResearchHighlight_ModelPrediction_V5.pdf}},
  note = {Accessed: 2021-10-24}
}

@article{chang2005comparison,
  title={Comparison of gravity current mixing parameterizations and calibration using a high-resolution 3D nonhydrostatic spectral element model},
  author={Chang, Yeon S and Xu, Xiaobiao and {\"O}zg{\"o}kmen, Tamay M and Chassignet, Eric P and Peters, Hartmut and Fischer, Paul F},
  journal={Ocean Modelling},
  volume={10},
  number={3-4},
  pages={342--368},
  year={2005},
  publisher={Elsevier}
}

@article{karniadakis1989spectral,
  title={Spectral element simulations of laminar and turbulent flows in complex geometries},
  author={Karniadakis, George Em},
  journal={Applied numerical mathematics},
  volume={6},
  number={1-2},
  pages={85--105},
  year={1989},
  publisher={Elsevier}
}

@article{iskandarani2002multi,
  title={Multi-scale geophysical modeling using the spectral element method},
  author={Iskandarani, Mohamed and Haidvogel, Dale B and Levin, Julia C and Curchitser, Enrique and Edwards, Christopher A},
  journal={Computing in Science \& Engineering},
  volume={4},
  number={5},
  pages={42--48},
  year={2002},
  publisher={IEEE}
}